<record><leader>00000cas a22000007a 4500</leader><controlfield tag="001">18096261</controlfield><controlfield tag="008">880616c19889999ohuwr ne      0    0eng d</controlfield><datafield ind1=" " ind2=" " tag="010"><subfield code="a">sn 88078639 </subfield></datafield><datafield ind1=" " ind2=" " tag="040"><subfield code="a">ONP</subfield><subfield code="b">eng</subfield><subfield code="c">ONP</subfield><subfield code="d">OCLCQ</subfield></datafield><datafield ind1=" " ind2=" " tag="042"><subfield code="a">msc</subfield></datafield><datafield ind1="0" ind2=" " tag="130"><subfield code="a">Holmes County hub (Millersburg, Ohio : 1988)</subfield></datafield><datafield ind1="1" ind2="4" tag="245"><subfield code="a">The Holmes County hub.</subfield></datafield><datafield ind1=" " ind2=" " tag="260"><subfield code="a">Millersburg, Ohio :</subfield><subfield code="b">Wooster Republican Print.,</subfield><subfield code="c">1988-</subfield></datafield><datafield ind1=" " ind2=" " tag="310"><subfield code="a">Weekly</subfield></datafield><datafield ind1="0" ind2=" " tag="362"><subfield code="a">Vol. 61, no. 23 [28] (June 9, 1988)-</subfield></datafield><datafield ind1=" " ind2=" " tag="752"><subfield code="a">United States</subfield><subfield code="b">Ohio</subfield><subfield code="c">Holmes</subfield><subfield code="d">Millersburg.</subfield></datafield><datafield ind1="0" ind2="0" tag="780"><subfield code="t">Holmes County farmer-hub</subfield><subfield code="w">(DLC)sn 88078392</subfield></datafield></record>